<record><leader>00000cas a22000007a 4500</leader><controlfield tag="001">21173528</controlfield><controlfield tag="008">900305d19791982couwr ne      0    0eng d</controlfield><datafield ind1=" " ind2=" " tag="010"><subfield code="a">sn 90051115 </subfield></datafield><datafield ind1=" " ind2=" " tag="040"><subfield code="a">CNQ</subfield><subfield code="b">eng</subfield><subfield code="c">CNQ</subfield><subfield code="d">OCLCQ</subfield></datafield><datafield ind1=" " ind2=" " tag="042"><subfield code="a">msc</subfield></datafield><datafield ind1="0" ind2="0" tag="245"><subfield code="a">Paonian-herald.</subfield></datafield><datafield ind1="3" ind2="0" tag="246"><subfield code="a">Paonian-herald Paonia Hotchkiss</subfield></datafield><datafield ind1="1" ind2="3" tag="246"><subfield code="a">North Fork's Paonian-herald</subfield></datafield><datafield ind1=" " ind2=" " tag="260"><subfield code="a">Paonia, Colo. :</subfield><subfield code="b">John Ponce</subfield></datafield><datafield ind1=" " ind2=" " tag="300"><subfield code="a">v.</subfield></datafield><datafield ind1=" " ind2=" " tag="310"><subfield code="a">Weekly</subfield></datafield><datafield ind1="0" ind2=" " tag="362"><subfield code="a">Vol. 67, no. 70 (Apr. 19, 1979)-v. 71, no. 6 (Feb. 4, 1982).</subfield></datafield><datafield ind1=" " ind2=" " tag="530"><subfield code="a">Available on microfilm from the Colorado Historical Society.</subfield></datafield><datafield ind1=" " ind2=" " tag="752"><subfield code="a">United States</subfield><subfield code="b">Colorado</subfield><subfield code="c">Delta</subfield><subfield code="d">Paonia.</subfield></datafield><datafield ind1=" " ind2=" " tag="752"><subfield code="a">United States</subfield><subfield code="b">Colorado</subfield><subfield code="c">Delta</subfield><subfield code="d">Hotchkiss.</subfield></datafield><datafield ind1="0" ind2="0" tag="780"><subfield code="t">Paonia Paonian-Hotchkiss herald</subfield><subfield code="w">(DLC)sn 90051114</subfield></datafield><datafield ind1="0" ind2="4" tag="785"><subfield code="t">Delta County independent</subfield><subfield code="w">(DLC)sn 87000527</subfield></datafield></record>